<record><leader>00000cas a22000007a 4500</leader><controlfield tag="001">10108573</controlfield><controlfield tag="008">831108d18uu18uupauwr ne      0    0eng d</controlfield><datafield ind1=" " ind2=" " tag="010"><subfield code="a">sn 83032014 </subfield></datafield><datafield ind1=" " ind2=" " tag="040"><subfield code="a">NPU</subfield><subfield code="b">eng</subfield><subfield code="c">NPU</subfield><subfield code="d">NPH</subfield><subfield code="d">OCLCQ</subfield></datafield><datafield ind1=" " ind2=" " tag="042"><subfield code="a">msc</subfield></datafield><datafield ind1="0" ind2=" " tag="130"><subfield code="a">Democratic republican (Brookville, Pa.)</subfield></datafield><datafield ind1="1" ind2="0" tag="245"><subfield code="a">Democratic republican.</subfield></datafield><datafield ind1=" " ind2=" " tag="260"><subfield code="a">Brookville, Pa. :</subfield><subfield code="b">L.L. Tate &amp; J.M. Cracken</subfield></datafield><datafield ind1=" " ind2=" " tag="300"><subfield code="a">v. ;</subfield><subfield code="c">55 cm.</subfield></datafield><datafield ind1=" " ind2=" " tag="310"><subfield code="a">Weekly</subfield></datafield><datafield ind1=" " ind2=" " tag="588"><subfield code="a">Description based on: Dec. 1, 1836.</subfield></datafield><datafield ind1=" " ind2=" " tag="752"><subfield code="a">United States</subfield><subfield code="b">Pennsylvania</subfield><subfield code="c">Jefferson</subfield><subfield code="d">Brookville.</subfield></datafield></record>